@misc{https://doi.org/10.48550/arxiv.2212.14024,
  doi = {10.48550/ARXIV.2212.14024},
  
  url = {https://arxiv.org/abs/2212.14024},
  
  author = {Khattab, Omar and Santhanam, Keshav and Li, Xiang Lisa and Hall, David and Liang, Percy and Potts, Christopher and Zaharia, Matei},
  
  keywords = {Computation and Language (cs.CL), Information Retrieval (cs.IR), FOS: Computer and information sciences, FOS: Computer and information sciences},
  
  title = {Demonstrate-Search-Predict: Composing retrieval and language models for knowledge-intensive NLP},
  
  publisher = {arXiv},
  
  year = {2022},
  
  copyright = {arXiv.org perpetual, non-exclusive license}
}


@misc{https://doi.org/10.48550/arxiv.2009.12756,
  doi = {10.48550/ARXIV.2009.12756},
  
  url = {https://arxiv.org/abs/2009.12756},
  
  author = {Xiong, Wenhan and Li, Xiang Lorraine and Iyer, Srini and Du, Jingfei and Lewis, Patrick and Wang, William Yang and Mehdad, Yashar and Yih, Wen-tau and Riedel, Sebastian and Kiela, Douwe and OÄŸuz, Barlas},
  
  keywords = {Computation and Language (cs.CL), FOS: Computer and information sciences, FOS: Computer and information sciences},
  
  title = {Answering Complex Open-Domain Questions with Multi-Hop Dense Retrieval},
  
  publisher = {arXiv},
  
  year = {2020},
  
  copyright = {arXiv.org perpetual, non-exclusive license}
}

@misc{https://doi.org/10.48550/arxiv.2210.08726,
  doi = {10.48550/ARXIV.2210.08726},
  
  url = {https://arxiv.org/abs/2210.08726},
  
  author = {Gao, Luyu and Dai, Zhuyun and Pasupat, Panupong and Chen, Anthony and Chaganty, Arun Tejasvi and Fan, Yicheng and Zhao, Vincent Y. and Lao, Ni and Lee, Hongrae and Juan, Da-Cheng and Guu, Kelvin},
  
  keywords = {Computation and Language (cs.CL), Artificial Intelligence (cs.AI), Information Retrieval (cs.IR), Machine Learning (cs.LG), FOS: Computer and information sciences, FOS: Computer and information sciences},
  
  title = {RARR: Researching and Revising What Language Models Say, Using Language Models},
  
  publisher = {arXiv},
  
  year = {2022},
  
  copyright = {Creative Commons Attribution 4.0 International}
}

@misc{https://doi.org/10.48550/arxiv.2112.01488,
  doi = {10.48550/ARXIV.2112.01488},
  
  url = {https://arxiv.org/abs/2112.01488},
  
  author = {Santhanam, Keshav and Khattab, Omar and Saad-Falcon, Jon and Potts, Christopher and Zaharia, Matei},
  
  keywords = {Information Retrieval (cs.IR), Computation and Language (cs.CL), FOS: Computer and information sciences, FOS: Computer and information sciences},
  
  title = {ColBERTv2: Effective and Efficient Retrieval via Lightweight Late Interaction},
  
  publisher = {arXiv},
  
  year = {2021},
  
  copyright = {Creative Commons Attribution 4.0 International}
}

@misc{https://doi.org/10.48550/arxiv.2210.03350,
  doi = {10.48550/ARXIV.2210.03350},
  
  url = {https://arxiv.org/abs/2210.03350},
  
  author = {Press, Ofir and Zhang, Muru and Min, Sewon and Schmidt, Ludwig and Smith, Noah A. and Lewis, Mike},
  
  keywords = {Computation and Language (cs.CL), FOS: Computer and information sciences, FOS: Computer and information sciences},
  
  title = {Measuring and Narrowing the Compositionality Gap in Language Models},
  
  publisher = {arXiv},
  
  year = {2022},
  
  copyright = {arXiv.org perpetual, non-exclusive license}
}
